% Ata's Dissertation Bibliography

@article{castellini2006laser,
  title={Laser Doppler Vibrometry: Development of advanced solutions answering to technology's needs},
  author={Castellini, P and Martarelli, M and Tomasini, EP},
  journal={Mechanical Systems and Signal Processing},
  volume={20},
  number={6},
  pages={1265--1285},
  year={2006},
  publisher={Elsevier}
}

@book{broch1980mechanical,
  title={Mechanical vibration and shock measurements},
  author={Broch, Jens Trampe},
  year={1980},
  publisher={Br{\"u}el \& Kj{\ae}r}
}

@article{drain1980laser,
  title={The laser Doppler techniques},
  author={Drain, Leslie E},
  journal={Chichester, Sussex, England and New York, Wiley-Interscience, 1980. 250 p.},
  volume={1},
  year={1980}
}

@article{arnott1990laser,
  title={Laser-Doppler vibrometer measurements of acoustic to seismic coupling},
  author={Arnott, W Patrick and Sabatier, James M},
  journal={Applied Acoustics},
  volume={30},
  number={4},
  pages={279--291},
  year={1990},
  publisher={Elsevier}
}

@article{goode1996laser,
  title={Laser Doppler Vibrometer (LDV)},
  author={Goode, Richard L and Ball, Geoffrey and Nishihara, Shinsei and Nakamura, Koshiro},
  journal={Otology \& Neurotology},
  volume={17},
  number={6},
  pages={813--822},
  year={1996},
  publisher={LWW}
}

@article{huber2001evaluation,
  title={Evaluation of eardrum laser Doppler interferometry as a diagnostic tool},
  author={Huber, Alexander M and Schwab, Christoph and Linder, Thomas and Stoeckli, Sandro J and Ferrazzini, Mattia and Dillier, Norbert and Fisch, Ugo},
  journal={The Laryngoscope},
  volume={111},
  number={3},
  pages={501--507},
  year={2001},
  publisher={Wiley Online Library}
}

@book{conant2002micromachined,
  title={Micromachined mirrors},
  author={Conant, Robert},
  volume={12},
  year={2002},
  publisher={Springer}
}

@book{pape1994design,
  title={Design and fabrication of acousto-optic devices},
  author={Pape, Dennis R and Goutzoulis, Akis P and Kulakov, Serge{\u\i} Viktorovich},
  year={1994},
  publisher={M. Dekker}
}

@inproceedings{zheng1998multichannel,
  title={Multichannel laser vibrometer and its applications},
  author={Zheng, Wanping and Kruzelecky, Roman V and Changkakoti, Rupak},
  booktitle={Third International Conference on Vibration Measurements by Laser Techniques: Advances and Applications},
  pages={376--384},
  year={1998},
  organization={International Society for Optics and Photonics}
}

@article{fu2010spatially,
  title={Spatially encoded multibeam laser Doppler vibrometry using a single photodetector},
  author={Fu, Yu and Guo, Min and Phua, Poh Boon},
  journal={Optics letters},
  volume={35},
  number={9},
  pages={1356--1358},
  year={2010},
  publisher={Optical Society of America}
}

@article{popescu2006optical,
  title={Optical measurement of cell membrane tension},
  author={Popescu, Gabriel and Ikeda, Takahiro and Goda, Keisuke and Best-Popescu, Catherine A and Laposata, Michael and Manley, Suliana and Dasari, Ramachandra R and Badizadegan, Kamran and Feld, Michael S},
  journal={Physical review letters},
  volume={97},
  number={21},
  pages={218101},
  year={2006},
  publisher={APS}
}

@article{goda2009serial,
  title={Serial time-encoded amplified imaging for real-time observation of fast dynamic phenomena},
  author={Goda, K and Tsia, KK and Jalali, B},
  journal={Nature},
  volume={458},
  number={7242},
  pages={1145--1149},
  year={2009},
  publisher={Nature Publishing Group}
}

@article{goda2008amplified,
  title={Amplified dispersive Fourier-transform imaging for ultrafast displacement sensing and barcode reading},
  author={Goda, Keisuke and Tsia, Kevin K and Jalali, Bahram},
  journal={Applied Physics Letters},
  volume={93},
  number={13},
  pages={131109},
  year={2008},
  publisher={AIP Publishing}
}

@article{qian2009real,
  title={Real-time optical imaging and tracking of micron-sized particles},
  author={Qian, Feng and Song, Qi and Tien, En-kuang and Kalyoncu, Salih K and Boyraz, Ozdal},
  journal={Optics Communications},
  volume={282},
  number={24},
  pages={4672--4675},
  year={2009},
  publisher={Elsevier}
}

@article{goda2009theory,
  title={Theory of amplified dispersive Fourier transformation},
  author={Goda, Keisuke and Solli, Daniel R and Tsia, Kevin K and Jalali, Bahram},
  journal={Physical Review A},
  volume={80},
  number={4},
  pages={043821},
  year={2009},
  publisher={APS}
}

@article{tsia2010performance,
  title={Performance of serial time-encoded amplified microscope},
  author={Tsia, Kevin K and Goda, Keisuke and Capewell, Dale and Jalali, Bahram},
  journal={Optics express},
  volume={18},
  number={10},
  pages={10016--10028},
  year={2010},
  publisher={Optical Society of America}
}
