@misc{centerpower,
	AUTHOR = "U.S. Department of Energy (DOE) and U.S. Environmental Protection
Agency (EPA)",
	TITLE = "{F}act {S}heet on {N}ational {D}ata {C}enter {E}nergy {E}fficiency
{I}nformation {P}rogram",
	HOWPUBLISHED =
	"in http://www.energystar.gov/ia/partners/prod_development/downloads/ND
CFactSheet_Short.pdf",
	MONTH = {Mar.},
	YEAR = {2008}	
}


@misc{centerpower,
	AUTHOR = "United States {D}epartment of {E}nergy (DOE) and United States {E}nvironmental {P}rotection {A}gency (EPA)",
	TITLE = "{F}act {S}heet on {N}ational {D}ata {C}enter {E}nergy {E]fficiency {I}nformation {P}rogram"
}

@ARTICLE{futureio,
	AUTHOR = "F. O'Mahony",
	TITLE = "{T}he {F}uture of {E}lectrical {I/O} for {M}icroprocessors",
	JOURNAL = {VLSI DAT},
	MONTH = {Sep.},
	YEAR = {2009}	
}




@ARTICLE{bell78falconer,
	AUTHOR = "D. D. Falconer",
	TITLE = "{A}daptive {E}qualization of {C}hannel {N}onlinearities in {QAM} {D}ata {T}ransmission {S}ystems",
	JOURNAL = {Bell Syst. Tech. J.},
	VOLUME = {57},
	NUMBER = {7},
	MONTH = {Sep.},
	YEAR = {1978}	
}

@ARTICLE{horowitz,
	AUTHOR = "A. Amirkhany, V. Stojanovic and M. A. Horowitz",
	TITLE = "{M}ulti-{T}one {S}ignaling for {H}igh-{S}peed {B}ackplane {E}lectrical {L}inks",
	JOURNAL = {IEEE GLOBECOM'04},
	VOLUME = {2},
	MONTH = {Dec.},
	YEAR = {2004}	
}

@ARTICLE{kasturia,
	AUTHOR = "S. Kasturia and J. H. Winters",
	TITLE = "{T}echniques for {H}igh-{S}peed {I}mplementation of {N}onlinear {C}ancellation",
	JOURNAL = {IEEE J. Select. Areas in Commun.},
	VOLUME = {9},
	NUMBER = {5},
	MONTH = {June},
	YEAR = {1991}	
}

@ARTICLE{BiCMOS,
	AUTHOR = "A. Garg and A. C. Carusone and S. P. Voinugescu",
	TITLE = "A 1-{T}ap 40-{G}b/s {L}ook-{A}head {D}ecision {F}eedback {E}qualizer in 0.18-$\mu$m {S}i{G}e {B}i{CMOS} {T}echnology",
	JOURNAL = {IEEE J. Solid-State Circuits},
	VOLUME = {41},
	NUMBER = {10},
	MONTH = {Oct.},
	YEAR = {2006}	
}


@ARTICLE{krishna,
	AUTHOR = "K. Krishna and D. A. Yokoyama-Martin and A. Caffee and C.
	Jones and M. Loikkanen and J Parker and R. Segelken and J. L. Sonntag
	and J. Stonick and S. Titus and D. Weinlader and S. Wolfer",
	TITLE = "A {M}ultigigabit {B}ackplane {T}ransceiver {C}ore in 0.13-$\mu$m {CMOS} {W}ith a {P}ower-{E}fficient {E}qualization {A}rchitecture",
	JOURNAL = {IEEE J. Solid-State Circuits},
	VOLUME = {40},
	NUMBER = {12},
	MONTH = {Dec.},
	YEAR = {2005}	
}

@ARTICLE{payne,
	AUTHOR = "R. Payne and P. Landman and B. Bhakta and S. Ramaswamy and S.
	Wu and J. D. Powers and M. U. Erdogan and A. Yee and R. Gu ad L. Wu and
	Y. Xie and B. Parthasarathy and K. Brouse and W. Mohammed and K. Heragu
	and V. Gupta and L. Dyson and W. Lee",
	TITLE = "A 6.25-{G}b/s {B}inary {T}ransceiver in 0.13-$\mu$m {CMOS} for {S}erial {D}ata {T}ransmission {A}cross {H}igh {L}oss {L}egacy {B}ackplane {C}hannels",
	JOURNAL = {IEEE J. Solid-State Circuits},
	VOLUME = {40},
	NUMBER = {12},
	MONTH = {Dec.},
	YEAR = {2005}	
}

@ARTICLE{bulza06,
	AUTHOR = "J. F. Bulzacchelli and M. Meghelli and S. V. Rylov and W. Rhee
	and A.V. Rylyakov and H. A. Ainspan and B. D. Parker and M. P. Beakes
	and A. Chung and T. J. Beukema and P. K. Pepeljugoski and L. Shan and Y.
	H. Kwark and S. Gowda and D. J. Friedman",
	TITLE = "{A} 10-{G}b/s 5-{T}ap {DFE}/4-{T}ap {FFE} {T}ransceiver in 90-nm {CMOS} {T}echnology",
	JOURNAL = {IEEE J. Solid-State Circuits},
	VOLUME = {41},
	NUMBER = {12},
	MONTH = {Dec.},
	YEAR = {2006}	
}

@ARTICLE{beukema,
	AUTHOR = "T. Beukema and M. Sorna and K. Selander and S. Zier and B. L.
	Ji and P. Murfet and J. Mason and W. Rhee and H. Ainspan and B. Parker
	and M. Beakes",
	TITLE = "{A} 6.4-{G}b/s {CMOS} {S}er{D}es {C}ore {W}ith {F}eed-{F}orward and {D}ecision-{F}eedback {E}qualization",
	JOURNAL = {IEEE J. Solid-State Circuits},
	VOLUME = {40},
	NUMBER = {12},
	MONTH = {Dec.},
	YEAR = {2005}	
}

@ARTICLE{zerbe,
	AUTHOR = "J. L. Zerbe and C. W. Werner and V. Stojanovic and F. Chen
	and J. Wei and G. Tsang and D. Kim and W. F. Stonecypher and A. Ho and
	T. P. Thrush and R.T. Kollipara and M. A. Horowitz and K. S. Donnelly",
	TITLE = "{E}qualization and {C}lock {R}ecovery for a 2.5--10-{G}b/s 2-{PAM}/4-{PAM} {B}ackplane {T}ransceiver {C}ell",
	JOURNAL = {IEEE J. Solid-State Circuits},
	VOLUME = {38},
	NUMBER = {12},
	MONTH = {Dec.},
	YEAR = {2003}	
}

@ARTICLE{jssc07gondi,
	AUTHOR = "S. Gondi and B. Razavi",
	TITLE = "{E}qualiztion and {C}lock and {D}ata {R}ecovery {T}echniques for 10-{G}b/s {CMOS} {S}erial-{L}ink {R}eceivers",
	JOURNAL = {IEEE J. Solid-State Circuits},
	VOLUME = {42},
	NUMBER = {9},
	MONTH = {Sep.},
	YEAR = {2007}	
}

@ARTICLE{gondi06,
	AUTHOR = "S. Gondi and B. Razavi",
	TITLE = "A 10-{G}b/s {CMOS} {M}erged {A}daptive {E}qualizer/{CDR}
	{C}ircuit for {S}erial-{L}ink {R}eceivers",
	JOURNAL = {Symposium on VLSI Circuits Dig. Tech. Papers},
	MONTH = {June},
	YEAR = {2006}	
}

@ARTICLE{saltzberg,
	AUTHOR = "B. Saltzberg",
	TITLE = "{P}erformance of an {E}fficient {P}arallel {D}ata {T}ransmission {S}ystem",
	JOURNAL = {IEEE Transactions on Communications},
	VOLUME = {15},
	NUMBER = {6},
	MONTH = {Dec.},
	YEAR = {1967}	
}

@ARTICLE{gregorio,
	AUTHOR = "F. Gregorio and S. Werner and J. Cousseau and T. I. Laakso",
	TITLE = "{R}eceiver {C}ancellation {T}echnique for {N}onlinear {P}ower {A}mplifier {D}istortion in {SDMA}$-${OFDM} {S}ystems",
	JOURNAL = {IEEE Trans. Veh. Technol.},
	VOLUME = {56},
	NUMBER = {5},
	MONTH = {Sep.},
	YEAR = {2007}	
}

%@ARTICLE{xu,
%	AUTHOR = "L. Xu and Y. Chen and Z. Feng",
%	TITLE = "{E}ffects of {RF} {O}scillator {P}hase {N}oise on {P}erformance of {C}ommunication {S}ystem",
%	JOURNAL = {IEEE Int. Conf. on Microwave and Millimeter Wave Technology Proceedings},
%	MONTH = {Aug.},
%	YEAR = {2004}	
%}

@ARTICLE{mohammadi,
	AUTHOR = "T. Choi and H. Lee and L. Katehi and S. Mohammadi",
	TITLE = "A {L}ow {P}hase {N}oise 10 {GHz} {VCO} in 0.18~$\mu$m {CMOS} {P}rocess",
	JOURNAL = {European Microwave Conference},
	VOLUME = {3},
	MONTH = {Oct.},
	YEAR = {2005}	
}

@ARTICLE{pieee98deutsch,
	AUTHOR = "A. Deutsch",
	TITLE = "{E}lectrical {C}haracteristics of {I}nterconnections for {H}igh-{P}erformance {S}ystems",
	JOURNAL = {Proceedings of the IEEE},
	VOLUME = {86},
	NUMBER = {2},
	MONTH = {Feb.},
	YEAR = {1998}	
}

@ARTICLE{isscc97fiedler,
	AUTHOR = "A. Fiedler and R. Mactaggart and J. Welch and S. Krishnan",
	TITLE = "A 1.0625{G}bps {T}ransceiver with 2x-{O}versampling and {T}ransmit {S}ignal {P}re-{E}mphasis",
	JOURNAL = {IEEE Int. Solid-State Circuits (ISSCC) Dig. Tech. Papers},
	MONTH = {Feb.},
	YEAR = {1997}	
}

@ARTICLE{micro97dally,
	AUTHOR = "W. J Dally and J. Poulton",
	TITLE = "{T}ransmitter {E}qulaization for 4-{G}bps {S}ignaling",
	JOURNAL = {IEEE Micro},
	VOLUME = {17},
	NUMBER = {1},
	MONTH = {Feb.},
	YEAR = {1997}	
}

@ARTICLE{jssc05stojanovic,
	AUTHOR = "V. Stojanovic and A. Ho and B. W. Garlepp and F. Chen and J.
	Wei and G. Tsang and E. Alon and R. T. Kollipara and C. W. Werner and J.
	L. Zerbe and M. A. Horowitz",
	TITLE = "{A}utonomous {D}ual-{M}ode ({PAM}2/4) {S}erial {L}ink {T}ransceiver {W}ith {A}daptive {E}qualization and {D}ata {R}ecovery",
	JOURNAL = {IEEE J. Solid-State Circuits},
	VOLUME = {40},
	NUMBER = {4},
	MONTH = {Apr.},
	YEAR = {2005}	
}

@ARTICLE{isscc07harwood,
	AUTHOR = "M. Harwood and N. Warke and R. Simpson and T. Leslie and A.
	Amerasekera and S. Batty and D. Colman and E. Carr and V. Gopinatahan
	and S. Hubbins and P. Hunt and A. Joy and P. Khandelwal and B. Killips
	and T. Krause and S. Lytollis and A. Pickering and M. Saxton and D.
	Sebastio and G. Swanson and A. Szczepanek and T. Ward and J. Williams
	and R. Williams and T. Willwerth",
	TITLE = "A 12.5{G}b/s {S}er{D}es in 65nm {CMOS} {U}sing a {B}aud-{R}ate {ADC} with {D}igital {R}eceiver {E}qualization and {C}lock {R}ecovery",
	JOURNAL = {IEEE Int. Solid-State Circuits (ISSCC) Dig. Tech. Papers},
	MONTH = {Feb.},
	YEAR = {2007}	
}

@ARTICLE{cicc01lee,
	AUTHOR = "T. Lee and B. Razavi",
	TITLE = "A 125-{M}Hz {CMOS} {M}ixed-{S}ignal {E}qualizer for {G}igabit {E}theret on {C}opper {W}ire",
	JOURNAL = {Proc. IEEE Custom Integrated Circuits Conf.},
	MONTH = {Sep.},
	YEAR = {2001}	
}

@ARTICLE{cicc08leibowitz,
	AUTHOR = "B. S. Leibowitz, J. Kim, J. Ren and C. J. Madden",
	TITLE = "{C}haracterization of {R}andom {D}ecision {E}rrors in {C}locked {C}omparators",
	JOURNAL = {Proc. IEEE Custom Integrated Circuits Conf.},
	MONTH = {Sep.},
	YEAR = {2008}	
}

@ARTICLE{isscc04jaussi,
	AUTHOR = "J. E. Jaussi and G. Balamurugan and D. R. Johnson and B. K.
	Casper and A. Martin and J. T. Kennedy and N. Shanbhag and R. Mooney",
	TITLE = "{A}n 8{G}b/s {S}ource-{S}ynchronous {I}/{O} {L}ink with {A}daptive {R}eceiver {E}qualization, {O}ffset {C}ancellation and {C}lock {D}eskew",
	JOURNAL = {IEEE Int. Solid-State Circuits (ISSCC) Dig. Tech. Papers},
	MONTH = {Feb.},
	YEAR = {2004}	
}

@ARTICLE{jssc05tomita,
	AUTHOR = "Y. Tomita and M. Kibune and J. Ogawa and W. W. Walker and H.
	Tamura and T. Kuroda",
	TITLE = "{A} 10-{G}b/s {R}eceiver {W}ith {S}eries {E}qualizer and
	{O}n-{C}hip {ISI} {M}onitor in 0.11-$\mu$m {CMOS}",
	JOURNAL = {IEEE J. Solid-State Circuits},
	VOLUME = {40},
	NUMBER = {4},
	MONTH = {Apr.},
	YEAR = {2005}	
}

@ARTICLE{jssc06sewter,
	AUTHOR = "J. Sewter and A. C. Carusone",
	TITLE = "{A} 3-{T}ap {FIR} {F}ilter {W}ith {C}ascaded {D}istributed {T}ap {A}mplifiers for {E}qualization {U}p to 40 {G}b/s in 0.18-$\mu$m {CMOS}",
	JOURNAL = {IEEE J. Solid-State Circuits},
	VOLUME = {41},
	NUMBER = {8},
	MONTH = {Aug.},
	YEAR = {2006}	
}

@ARTICLE{jssc03lee,
	AUTHOR = "J. Lee and B. Razavi",
	TITLE = "{A} 40-{G}b/s {C}lock and {D}ata {R}ecovery {C}ircuit in 0.18-$\mu$m {CMOS} {T}echnology",
	JOURNAL = {IEEE J. Solid-State Circuits},
	VOLUME = {38},
	NUMBER = {12},
	MONTH = {Dec.},
	YEAR = {2003}	
}

@ARTICLE{isscc09hidaka,
	AUTHOR = "Y. Hidaka and W. Gai and T. Horie and J. H. Jiang and
	Y. Koyanagi and H. Osone",
	TITLE = "{A} 4-{C}hannel 10.3{G}b/s {B}ackplane {T}ransceiver {M}acro with 35d{B} {E}qualizer and {S}ign-{B}ased {Z}ero-{F}orcing {A}daptive {C}ontrol",
	JOURNAL = {IEEE Int. Solid-State Circuits (ISSCC) Dig. Tech. Papers},
	MONTH = {Feb.},
	YEAR = {2009}	
}

@ARTICLE{isscc09luo,
	AUTHOR = "Y. Luo and P. Chen and C. Wang and C. Chang and S. Fu
	and C. Chen and H. Li",
	TITLE = "{A} 250{M}b/s-to-3.4{G}b/s {HDMI} {R}eceiver with {A}daptive {L}oop {U}pdating {F}requencies and an {A}daptive	{E}qualizer",
	JOURNAL = {IEEE Int. Solid-State Circuits (ISSCC) Dig. Tech. Papers},
	MONTH = {Feb.},
	YEAR = {2009}	
}

@ARTICLE{vlsi09wang,
	AUTHOR = "H. Wang and C. Lee and A. Lee and J. Lee",
	TITLE = "{A} 21-{G}b/s 87-m{W} {T}ransceiver with {FFE}/{DFE}/{L}inear {E}qualizer in 65-nm {CMOS} {T}echnology",
	JOURNAL = {Symposium on VLSI Circuits Dig. Tech. Papers},
	MONTH = {June},
	YEAR = {2009}	
}

@ARTICLE{isscc09chen,
	AUTHOR = "L. Chen and X. Zhang abd F. Spagna",
	TITLE = "{A} {S}calable 3.6-to-5.2m{W} 5-to-10{G}b/s 4-{T}ap {DFE} in 32nm {CMOS}",
	JOURNAL = {IEEE Int. Solid-State Circuits (ISSCC) Dig. Tech. Papers},
	MONTH = {Feb.},
	YEAR = {2009}	
}

@ARTICLE{isscc09liu,
	AUTHOR = "Y. Liu and B. Kim and T. O. Dickson and J. F.
	Bulzacchelli and D. F. Friedman",
	TITLE = "{A} 10{G}b/s {C}ompact {L}ow-{P}ower {S}erial {I}/{O} with {DFE}-{IIR} {E}qualization in 65nm {CMOS}",
	JOURNAL = {IEEE Int. Solid-State Circuits (ISSCC) Dig. Tech. Papers},
	MONTH = {Feb.},
	YEAR = {2009}	
}
       
@ARTICLE{isscc09bulzacchelli,
	AUTHOR = "J. F. Bulzacchelli and T. O. Dickson and Z. T. Deniz and H. A.
	Ainspan and B. D. Parker and M. P. Beakes S. V. Rylov and D. F. Friedman",
	TITLE = "{A} 78m{W} 11.1{G}b/s 5-{T}ap {DFE} {R}eceiver with {D}igitally {C}alibrated {C}urrent-{I}ntegrating {S}ummers in 65nm {CMOS}",
	JOURNAL = {IEEE Int. Solid-State Circuits (ISSCC) Dig. Tech. Papers},
	MONTH = {Feb.},
	YEAR = {2009}	
}

@ARTICLE{isscc09sunaga,
	AUTHOR = "K. Sunaga and H. Sugita and K. Yamaguchi and K. Suzuki",
	TITLE = "{A}n 18{G}b/s {D}uobinary {R}eceiver with a {CDR}-{A}ssisted {DFE}",
	JOURNAL = {IEEE Int. Solid-State Circuits (ISSCC) Dig. Tech. Papers},
	MONTH = {Feb.},
	YEAR = {2009}	
}

@ARTICLE{vlsi09turker,
	AUTHOR = "D. Z. Turker and A. Rylyakov and D. Friedman and S.
	Gowda and E. Sanch\'ez-Sinencio",
	TITLE = "{A} 19{G}b/s 38m{W} 1-{T}ap {S}peculative {DFE} in 90nm {CMOS}",
	JOURNAL = {Symposium on VLSI Circuits Dig. Tech. Papers},
	MONTH = {June},
	YEAR = {2009}	
}

@ARTICLE{vlsi09hsieh,
	AUTHOR = "C. Hsieh and S. Liu",
	TITLE = "{A} 40{G}b/s {D}ecision {F}eedback {E}qualizer {U}sing	{B}ack-gate {F}eedback {T}echnique",
	JOURNAL = {Symposium on VLSI Circuits Dig. Tech. Papers},
	MONTH = {June},
	YEAR = {2009}	
}

@ARTICLE{vlsi09ehung,
	AUTHOR = "E. Chen and W. Leven and N. Warke and A. Joy and S.
	Hubbins and A. Amerasekera and C. K. Yang",
	TITLE = "{A}daptation of {CDR} and {F}ull {S}cale {R}ange of {ADC}-{B}ased {S}er{D}es {R}eceiver",
	JOURNAL = {Symposium on VLSI Circuits Dig. Tech. Papers},
	MONTH = {June},
	YEAR = {2009}	
}

@BOOK{libook,
	AUTHOR = "Mike P. Li",
	TITLE = "{D}esign and {T}est for {M}ultiple {G}bps {C}ommunication {D}evices and {S}ystems",
	PUBLISHER = "IEC Publications",
	YEAR = "2005"
}

@BOOK{proakis,
	AUTHOR = "John G. Proakis",
	TITLE = "{D}igital {C}ommunications",
	EDITION = "4th",
	PUBLISHER = "McGraw-Hill",
	YEAR = "2001"
}

@BOOK{razavibook,
	AUTHOR = "Behzad Razavi",
	TITLE = "{D}esign of {A}nalog {CMOS} {I}ntegrated {C}ircuits",
	PUBLISHER = "McGraw-Hill",
	YEAR = "2001"
}

@BOOK{razavioptical,
	AUTHOR = "Behzad Razavi",
	TITLE = "{D}esign of {I}ntegrated {C}ircuits for {O}ptical {C}ommunications",
	PUBLISHER = "McGraw-Hill",
	YEAR = "2003"
}

@phdthesis{gondidis,
		AUTHOR = "Srikanth Gondi",
		TITLE = "{E}qualiztion and {C}lock and {D}ata {R}ecovery {T}echniques for {S}erial-{L}ink {R}eceivers",
		SCHOOL = "University of California, Los Angeles",
		YEAR = "2006"
}

@phdthesis{stojanovicthesis,
		AUTHOR = "Vladimir Stojanovi$\acute{c}$",
		TITLE = "{C}hannel-{L}imited {H}igh-{S}peed {L}inks: {M}odeling, {A}nalysis and {D}esign",
		SCHOOL = "Stanford University",
		YEAR = "2004"
}
@misc{isscc09se3,
	AUTHOR = "I. Fujimori and A. Joy and M. Sorna and H. Tamura and
	J. Zerbe",
	TITLE = "{W}ill {ADC}s {O}vertake {B}inary {F}rontends in {B}ackplane {S}ignaling?",
	HOWPUBLISHED = {IEEE Int. Solid-State Circuits Conf. Discussion Session},
	MONTH = {Feb.},
	YEAR = {2009}	
}

@misc{patent09mellitz,
	AUTHOR = "R. Mellitz and B. Samaras and P. MacWilliams",
	TITLE = "{P}erforming {A}daptive {E}xternal {E}qualization",
	HOWPUBLISHED =
	"U.S. Patent Application No. 20090110043",
	MONTH = "Apr",
	YEAR = "2009"
	}		
@misc{10gig,
	TITLE = "{IEEE} {S}tandard 802.3",
	MONTH = "Dec",
	YEAR = "2008"
	}
	
@misc{pci,
	AUTHOR = "L. Sherwin",
	TITLE = "{PCI-SIG} {A}nnounces {PCI} {E}xpress 3.0 {B}it {R}ate for
	{P}roducts in 2010 and {B}eyond",
	HOWPUBLISHED =
	"in http://www.pcisig.com/news\_room",
	MONTH = "Aug",
	YEAR = "2007"
	}

@misc{pcixpress,
	TITLE = "{PCI} {E}xpress: {B}ase {S}pecification, {R}evision 2.0",
	MONTH = "Dec",
	YEAR = "2006"
	}

@misc{oif,
	TITLE = "{C}ommon {E}lectrical {I}/{O} ({CEI}) - {E}lectrical and {J}itter
	{I}nteroperability {A}greements for 6{G}+ bps and 11{G}+ bps {I}/{O}",
	MONTH = "Aug",
	YEAR = "2004"
	}
	
@misc{sonet,
	TITLE = "{B}ellcore {GR-253}, {S}ynchronous {O}ptical {N}etwork ({SONET})
	{T}ransport {S}ystems: {C}ommon {G}eneric {C}riteria",
	MONTH = "Dec",
	YEAR = "2005"
	}
	

@misc{itrs,
	TITLE = "{I}nternational {T}echnology {R}oadmap for {S}emiconductors,
	2007 {E}dition",
	HOWPUBLISHED = "in http://www.itrs.net",
	MONTH = "Dec",
	YEAR = "2007"
	}


