@ARTICLE{futureio,
	AUTHOR = "F. {O'M}ahony et al",
	TITLE = "{T}he {F}uture of {E}lectrical {I/O} for {M}icroprocessors",
	JOURNAL = {IEEE VLSI DAT},
	MONTH = {Apr.},
	YEAR = {2009}	
}

@misc{centerpower,
	AUTHOR = "United States {D}epartment of {E}nergy (DOE) and United States {E}nvironmental {P}rotection {A}gency (EPA)",
	TITLE = "{F}act {S}heet on {N}ational {D}ata {C}enter {E}nergy {E}fficiency {I}nformation {P}rogram",
	HOWPUBLISHED =
	"in http://www.energystar.gov/ia/partners/prod\_development/downloads/NDC
FactSheet\_Short.pdf",
	MONTH = {Mar.},
	YEAR = {2008}
}

@misc{100Gback,
	TITLE = "{IEEE} {P}802.bj 100-{G}b/s {B}ackplane and {C}opper {C}able {T}ask {F}orce",
	HOWPUBLISHED = "in http://www.ieee802.org/3/bj"
}


@ARTICLE{bicmos1,
	AUTHOR = "P. J. Lim and B. A. Wooley",
	TITLE = "{A}n {8}-bit {2}00-{MH}z {B}i{CMOS} {C}omparators",
	JOURNAL = {IEEE Journal of Solid-State Circuits},
	MONTH = {Feb.},
	YEAR = {1990}	
}

@ARTICLE{bicmos2,
	AUTHOR = "B. Razavi and B. A. Wooley",
	TITLE = "{D}esign {T}echniques for {H}igh-{S}peed, {H}igh-{R}esolution {C}omparators",
	JOURNAL = {IEEE Journal of Solid-State Circuits},
	MONTH = {Dec.},
	YEAR = {1992}	
}


@ARTICLE{halfpd,
	AUTHOR = "J. Savoj and B. Razavi",
	TITLE = "{A} 10-{G}b/s {CMOS} {C}lock and {D}ata {R}ecovery {C}ircuit with a {H}alf-{R}ate {L}inear {P}hase {D}etector",
	JOURNAL = {IEEE Journal of Solid-State Circuits},
	MONTH = {May.},
	YEAR = {2001}	
}

@ARTICLE{quarterpd,
	AUTHOR = "J. Lee and B. Razavi",
	TITLE = "{A} 40-{G}b/s {C}lock and {D}ata {R}ecovery {C}ircuit in 0.18-um {CMOS} {T}echnology",
	JOURNAL = {IEEE Journal of Solid-State Circuits},
	MONTH = {Dec.},
	YEAR = {2003}	
}

@ARTICLE{25gcdr1,
	AUTHOR = "C. {K}romer et al",
	TITLE = "{A} 25-{G}b/s {CDR} in 90-nm {CMOS} for {H}igh-{D}ensity {I}nterconnects",
	JOURNAL = {IEEE Journal of Solid-State Circuits},
	MONTH = {Dec.},
	YEAR = {2006}	
}

@ARTICLE{25gcdr2,
	AUTHOR = "K. Yu and J. Lee",
	TITLE = "{A} 2 $\times$ 25-{G}b/s {R}eceiver with 2:5 {DMUX} for 100-{G}b/s {E}thernet",
	JOURNAL = {IEEE Journal of Solid-State Circuits},
	MONTH = {Nov.},
	YEAR = {2010}	
}


@BOOK{razavibook,
	AUTHOR = "Behzad Razavi",
	TITLE = "{D}esign of {A}nalog {CMOS} {I}ntegrated {C}ircuits",
	PUBLISHER = "McGraw-Hill",
	YEAR = "2001"
}

@BOOK{razavioptical,
	AUTHOR = "Behzad Razavi",
	TITLE = "{D}esign of {I}ntegrated {C}ircuits for {O}ptical {C}ommunications",
	PUBLISHER = "McGraw-Hill",
	YEAR = "2003"
}

@BOOK{razavirf,
	AUTHOR = "Behzad Razavi",
	TITLE = "{RF} {M}icroelectronics",
	PUBLISHER = "Prentice Hall",
	YEAR = "2011"
}

@ARTICLE{pll_based,
	AUTHOR = "J. C. {S}cheytt et al",
	TITLE = "{A} 0.155-, -.622, and 2.488-{G}b/s {A}utomatic {B}it-{R}ate {S}electing {C}lock and {D}ata {R}ecovery {IC} for {B}it-{R}ate {T}ransparent {SDH} {S}ystems",
	JOURNAL = {IEEE Journal of Solid-State Circuits},
	MONTH = {Dec.},
	YEAR = {2003}	
}

@ARTICLE{dll_based,
	AUTHOR = "X. {M}aillard et al",
	TITLE = "{A} 900-{M}b/s {CMOS} {D}ata {R}ecovery {DLL} {U}sing {H}alf {F}requency {C}lock",
	JOURNAL = {IEEE Journal of Solid-State Circuits},
	MONTH = {Dec.},
	YEAR = {2002}	
}

@ARTICLE{PI_based,
	AUTHOR = "R. {K}reienkamp et al",
	TITLE = "{A} 10-{G}b/s {CMOS} {C}lock and {D}ata {R}ecovery {C}ircuit with an {A}nalog {P}hase {I}nterpolator",
	JOURNAL = {IEEE Journal of Solid-State Circuits},
	MONTH = {Mar.},
	YEAR = {2005}	
}

@ARTICLE{IL_based,
	AUTHOR = "H.-T {N}g et al",
	TITLE = "{A} {S}econd-{O}rder {S}emi {D}igital {C}lock {R}ecovery {C}ircuit {B}ased on {I}njection {L}ocking",
	JOURNAL = {IEEE Journal of Solid-State Circuits},
	MONTH = {Dec.},
	YEAR = {2003}	
}

@ARTICLE{OS_based,
	AUTHOR = "M. {I}erssel et al",
	TITLE = "{A} 3.2-{G}b/s {CDR} {U}sing {S}emi-{B}lind {O}versampling to {A}chieve {H}igh {J}itter {T}olerance",
	JOURNAL = {IEEE Journal of Solid-State Circuits},
	MONTH = {Oct.},
	YEAR = {2007}	
}

@ARTICLE{XOR_ref,
	AUTHOR = "Behzad {R}azavi et al",
	TITLE = "{D}esign {T}echnique for {L}ow-{V}oltage {H}igh-{S}peed {D}igital {B}ipolar {C}ircuits",
	JOURNAL = {IEEE Journal of Solid-State Circuits},
	MONTH = {Mar.},
	YEAR = {1994}	
}

@phdthesis{jrithesis,
		AUTHOR = "Jri Lee",
		TITLE = "{D}esign and {M}odeling of {H}igh-{S}peed {C}lock and {D}ata {R}ecovery {C}ircuits",
		SCHOOL = "University of California, Los Angeles",
		YEAR = "2003"
}

@ARTICLE{andreani_lcvco,
	AUTHOR = "P. {A}ndreani et al",
	TITLE = "{M}ore on the 1/$f^2$ {P}hase {N}oise {P}erformance of {CMOS} {D}ifferential-{P}air {LC}-{T}ank {O}scillators",
	JOURNAL = {IEEE Journal of Solid-State Circuits},
	MONTH = {Dec.},
	YEAR = {2006}	
}

@ARTICLE{isscc12liscidini,
	AUTHOR = "A. {L}iscidini et al",
	TITLE = "{A} 36m{W}/9m{W} {P}ower-{S}calable {DCO} in 55nm {CMOS} for {GSM}/{WCDMA} {F}requency {S}ynthesizers",
	JOURNAL = {IEEE Int. Solid-State Circuits (ISSCC) Dig. Tech. Papers},
	MONTH = {Feb.},
	YEAR = {2012}	
}

@ARTICLE{10Gdmux,
	AUTHOR = "A. {T}anabe et al",
	TITLE = "{A} {R}edundent {M}ulti-{V}alued {L}ogic for 10{G}b/s {CMOS} {D}emultiplexer {IC}",
	JOURNAL = {IEEE Int. Solid-State Circuits (ISSCC) Dig. Tech. Papers},
	MONTH = {Feb.},
	YEAR = {2001}	
}

@ARTICLE{11Gdmux,
	AUTHOR = "A. B. {K}im and S. H. Ahn",
	TITLE = "{A} 11{G}b/s {CMOS} {D}emultiplexer using {R}edundent {M}ulti-{V}alued {L}ogic",
	JOURNAL = {IEEE ICECS},
	YEAR = {2006}	
}

@ARTICLE{40Gdmux,
	AUTHOR = "D. {K}ehrer et al",
	TITLE = "40-{G}b/s 2:1 {M}ultiplexer and 1:2 {D}emultiplexer in 120-nm {S}tandard {CMOS}",
	JOURNAL = {IEEE Journal of Solid-State Circuits},
	MONTH = {Nov.},
	YEAR = {2003}	
}

@ARTICLE{leeson,
	AUTHOR = "D. B. {L}eeson",
	TITLE = "40-{G}b/s 2:1 {M}ultiplexer and 1:2 {D}emultiplexer in 120-nm {S}tandard {CMOS}",
	JOURNAL = {Proc. IEEE},
	MONTH = {Feb.},
	YEAR = {1966}	
}

@ARTICLE{hogge,
	AUTHOR = "C. R. {H}ogge",
	TITLE = "{A} {S}elf-{C}orrecting {C}lock {R}ecovery {C}ircuit",
	JOURNAL = {IEEE J. Lightwave Tech.},
	MONTH = {Dec.},
	YEAR = {1985}	
}

@ARTICLE{alexander,
	AUTHOR = "A. D. H. {A}lexander",
	TITLE = "{C}lock {R}ecovery from {R}andom {B}inary {D}ata",
	JOURNAL = {Electronics Letters},
	MONTH = {Oct.},
	YEAR = {1975}	
}

@ARTICLE{rzdmux,
	AUTHOR = "J. Savoj and B. Razavi",
	TITLE = "{A} {CMOS} {I}nterface {C}ircuit for {D}etection of 1.2{G}b/s {RZ} {D}ata",
	JOURNAL = {IEEE Int. Solid-State Circuits (ISSCC) Dig. Tech. Papers},
	MONTH = {Feb.},
	YEAR = {1999}	
}


@ARTICLE{StrongARM,
	AUTHOR = "D. W. Dobberpuhl",
	TITLE = "{C}ircuit and technology for {D}igital's {S}trong{ARM} and {ALPHA} microprocessors [{CMOS} technology]",
	JOURNAL = {17th IEEE Conf. Advanced Research in VLSI},
	MONTH = {Mar.},
	YEAR = {1997}	
}

@ARTICLE{Wang,
	AUTHOR = "Y. T. Wang and B. Razavi",
	TITLE = "{A}n 8-{B}it 150-{MH}z {CMOS} {A/D} {C}onverter",
	JOURNAL = {IEEE Journal of Solid-State Circuits},
	MONTH = {Mar.},
	YEAR = {2000}	
}

@ARTICLE{Sameh,
	AUTHOR = "S. Ibrahim and B. Razavi",
	TITLE = "{L}ow-{P}ower {CMOS} {E}qualizer {D}esign for 20-{G}b/s {S}ystems",
	JOURNAL = {IEEE Journal of Solid-State Circuits},
	MONTH = {Jun.},
	YEAR = {2011}	
}

@ARTICLE{Andreani,
	AUTHOR = "P. Andreani et al",
	TITLE = "{A} {S}tudy of {P}hase {N}oise in {C}olpitts and {LC}-{T}ank {O}scillators",
	JOURNAL = {IEEE Journal of Solid-State Circuits},
	MONTH = {May.},
	YEAR = {2005}	
}

@ARTICLE{Mazzanti,
	AUTHOR = "A. Mazzanti and P. Andreani",
	TITLE = "{C}lass-{C} {H}armonic {CMOS} {VCO}s, with a {G}eneral {R}esult on {P}hase {N}oise",
	JOURNAL = {IEEE Journal of Solid-State Circuits},
	MONTH = {Dec.},
	YEAR = {2008}	
}





