% Ata's Dissertation Bibliography

@article{castellini2006laser,
  title={Laser Doppler Vibrometry: Development of advanced solutions answering to technology's needs},
  author={Castellini, P and Martarelli, M and Tomasini, EP},
  journal={Mechanical Systems and Signal Processing},
  volume={20},
  number={6},
  pages={1265--1285},
  year={2006},
  publisher={Elsevier}
}

@book{broch1980mechanical,
  title={Mechanical vibration and shock measurements},
  author={Broch, Jens Trampe},
  year={1980},
  publisher={Br{\"u}el \& Kj{\ae}r}
}

@article{drain1980laser,
  title={The laser Doppler techniques},
  author={Drain, Leslie E},
  journal={Chichester, Sussex, England and New York, Wiley-Interscience, 1980. 250 p.},
  volume={1},
  year={1980}
}

@article{arnott1990laser,
  title={Laser-Doppler vibrometer measurements of acoustic to seismic coupling},
  author={Arnott, W Patrick and Sabatier, James M},
  journal={Applied Acoustics},
  volume={30},
  number={4},
  pages={279--291},
  year={1990},
  publisher={Elsevier}
}

@article{goode1996laser,
  title={Laser Doppler Vibrometer (LDV)},
  author={Goode, Richard L and Ball, Geoffrey and Nishihara, Shinsei and Nakamura, Koshiro},
  journal={Otology \& Neurotology},
  volume={17},
  number={6},
  pages={813--822},
  year={1996},
  publisher={LWW}
}

@article{huber2001evaluation,
  title={Evaluation of eardrum laser Doppler interferometry as a diagnostic tool},
  author={Huber, Alexander M and Schwab, Christoph and Linder, Thomas and Stoeckli, Sandro J and Ferrazzini, Mattia and Dillier, Norbert and Fisch, Ugo},
  journal={The Laryngoscope},
  volume={111},
  number={3},
  pages={501--507},
  year={2001},
  publisher={Wiley Online Library}
}

@book{conant2002micromachined,
  title={Micromachined mirrors},
  author={Conant, Robert},
  volume={12},
  year={2002},
  publisher={Springer}
}

@book{pape1994design,
  title={Design and fabrication of acousto-optic devices},
  author={Pape, Dennis R and Goutzoulis, Akis P and Kulakov, Serge{\u\i} Viktorovich},
  year={1994},
  publisher={M. Dekker}
}

@inproceedings{zheng1998multichannel,
  title={Multichannel laser vibrometer and its applications},
  author={Zheng, Wanping and Kruzelecky, Roman V and Changkakoti, Rupak},
  booktitle={Third International Conference on Vibration Measurements by Laser Techniques: Advances and Applications},
  pages={376--384},
  year={1998},
  organization={International Society for Optics and Photonics}
}

@article{fu2010spatially,
  title={Spatially encoded multibeam laser Doppler vibrometry using a single photodetector},
  author={Fu, Yu and Guo, Min and Phua, Poh Boon},
  journal={Optics letters},
  volume={35},
  number={9},
  pages={1356--1358},
  year={2010},
  publisher={Optical Society of America}
}

@article{popescu2006optical,
  title={Optical measurement of cell membrane tension},
  author={Popescu, Gabriel and Ikeda, Takahiro and Goda, Keisuke and Best-Popescu, Catherine A and Laposata, Michael and Manley, Suliana and Dasari, Ramachandra R and Badizadegan, Kamran and Feld, Michael S},
  journal={Physical review letters},
  volume={97},
  number={21},
  pages={218101},
  year={2006},
  publisher={APS}
}

@article{goda2009serial,
  title={Serial time-encoded amplified imaging for real-time observation of fast dynamic phenomena},
  author={Goda, K and Tsia, KK and Jalali, B},
  journal={Nature},
  volume={458},
  number={7242},
  pages={1145--1149},
  year={2009},
  publisher={Nature Publishing Group}
}

@article{goda2008amplified,
  title={Amplified dispersive Fourier-transform imaging for ultrafast displacement sensing and barcode reading},
  author={Goda, Keisuke and Tsia, Kevin K and Jalali, Bahram},
  journal={Applied Physics Letters},
  volume={93},
  number={13},
  pages={131109},
  year={2008},
  publisher={AIP Publishing}
}

@article{qian2009real,
  title={Real-time optical imaging and tracking of micron-sized particles},
  author={Qian, Feng and Song, Qi and Tien, En-kuang and Kalyoncu, Salih K and Boyraz, Ozdal},
  journal={Optics Communications},
  volume={282},
  number={24},
  pages={4672--4675},
  year={2009},
  publisher={Elsevier}
}

@article{goda2009theory,
  title={Theory of amplified dispersive Fourier transformation},
  author={Goda, Keisuke and Solli, Daniel R and Tsia, Kevin K and Jalali, Bahram},
  journal={Physical Review A},
  volume={80},
  number={4},
  pages={043821},
  year={2009},
  publisher={APS}
}

@article{tsia2010performance,
  title={Performance of serial time-encoded amplified microscope},
  author={Tsia, Kevin K and Goda, Keisuke and Capewell, Dale and Jalali, Bahram},
  journal={Optics express},
  volume={18},
  number={10},
  pages={10016--10028},
  year={2010},
  publisher={Optical Society of America}
}

@book{marshall2011handbook,
  title={Handbook of optical and laser scanning},
  author={Marshall, Gerald F and Stutz, Glenn E},
  year={2011},
  publisher={CRC Press}
}

@book{fujii2005laser,
  title={Laser remote sensing},
  author={Fujii, Takashi and Fukuchi, Tetsuo},
  year={2005},
  publisher={CRC Press}
}

@book{dotson2003fundamentals,
  title={Fundamentals of dimensional metrology},
  author={Dotson, Connie and Harlow, Roger and Thompson, Richard L},
  year={2003},
  publisher={Thomson Learning}
}

@article{gobel2006imaging,
  title={Imaging cellular network dynamics in three dimensions using fast 3D laser scanning},
  author={G{\"o}bel, Werner and Kampa, Bj{\"o}rn M and Helmchen, Fritjof},
  journal={Nature methods},
  volume={4},
  number={1},
  pages={73--79},
  year={2006},
  publisher={Nature Publishing Group}
}

@book{pawley2010handbook,
  title={Handbook of biological confocal microscopy},
  author={Pawley, James},
  year={2010},
  publisher={Springer}
}

@article{denk1990two,
  title={Two-photon laser scanning fluorescence microscopy},
  author={Denk, Winfried and Strickler, James H and Webb, Watt W and others},
  journal={Science},
  volume={248},
  number={4951},
  pages={73--76},
  year={1990}
}

@misc{wandinger2005lidar,
  title={Lidar: Range-Resolved Optical Remote Sensing of the Atmosphere},
  author={Wandinger, Ulla and McCormick, MP and Weitkamp, C and others},
  year={2005},
  publisher={Springer}
}

@article{schwarz2010mapping,
  title={Mapping the world in 3D},
  author={Schwarz, Brent},
  journal={Nat. Photonics},
  volume={4},
  number={7},
  pages={429--430},
  year={2010}
}

@book{sinha2010vibration,
  title={Vibration of mechanical systems},
  author={Sinha, Alok},
  year={2010},
  publisher={Cambridge University Press}
}

@book{pelesko2002modeling,
  title={Modeling Mems and Nems},
  author={Pelesko, John A and Bernstein, David H},
  year={2002},
  publisher={CRC press}
}

@book{osten2006optical,
  title={Optical inspection of microsystems},
  author={Osten, Wolfgang},
  year={2006},
  publisher={CRC Press}
}

@book{horn1986robot,
  title={Robot vision},
  author={Horn, Berthold},
  year={1986},
  publisher={MIT press}
}

@article{hoffman2006confocal,
  title={Confocal laser endomicroscopy: technical status and current indications},
  author={Hoffman, A and Goetz, M and Vieth, M and Galle, PR and Neurath, MF and Kiesslich, R},
  journal={Endoscopy},
  volume={38},
  number={12},
  pages={1275--1283},
  year={2006},
  publisher={{\copyright} Georg Thieme Verlag KG Stuttgart{\textperiodcentered} New York}
}

@article{tarnok2002clinical,
  title={Clinical applications of laser scanning cytometry},
  author={T{\'a}rnok, Attila and Gerstner, Andreas OH},
  journal={Cytometry},
  volume={50},
  number={3},
  pages={133--143},
  year={2002},
  publisher={Wiley Online Library}
}

@inproceedings{vacca2009laser,
  title={Laser rastering flow cytometry: fast cell counting and identification},
  author={Vacca, Giacomo and Junnarkar, MR and Goldblatt, NR and Yee, MW and Van Slyke, BM and Briese, TC},
  booktitle={SPIE BiOS: Biomedical Optics},
  pages={71821T--71821T},
  year={2009},
  organization={International Society for Optics and Photonics}
}

@article{mahjoubfar2011high,
  title={High-speed nanometer-resolved imaging vibrometer and velocimeter},
  author={Mahjoubfar, Ata and Goda, Keisuke and Ayazi, Ali and Fard, Ali and Kim, Sang Hyup and Jalali, Bahram},
  journal={Applied Physics Letters},
  volume={98},
  number={10},
  pages={101107},
  year={2011},
  publisher={AIP Publishing}
}

@article{yaqoob2004passive,
  title={Passive optics no-moving-parts barcode scanners},
  author={Yaqoob, Zahid and Riza, Nabeel A},
  journal={Photonics Technology Letters, IEEE},
  volume={16},
  number={3},
  pages={954--956},
  year={2004},
  publisher={IEEE}
}

@article{boudoux2005rapid,
  title={Rapid wavelength-swept spectrally encoded confocal microscopy},
  author={Boudoux, Caroline and Yun, S and Oh, W and White, W and Iftimia, N and Shishkov, M and Bouma, B and Tearney, G},
  journal={Optics Express},
  volume={13},
  number={20},
  pages={8214--8221},
  year={2005},
  publisher={Optical Society of America}
}

@article{goda2012hybrid,
  title={Hybrid dispersion laser scanner},
  author={Goda, K and Mahjoubfar, A and Wang, Chao and Fard, A and Adam, J and Gossett, DR and Ayazi, A and Sollier, E and Malik, O and Chen, E and others},
  journal={Scientific reports},
  volume={2},
  year={2012},
  publisher={Nature Publishing Group}
}

@article{kelkar1999time,
  title={Time-domain optical sensing},
  author={Kelkar, PV and Coppinger, F and Bhushan, AS and Jalali, B},
  journal={Electronics Letters},
  volume={35},
  number={19},
  pages={1661--1662},
  year={1999},
  publisher={IET}
}

@article{chou2007femtosecond,
  title={Femtosecond real-time single-shot digitizer},
  author={Chou, Jason and Boyraz, Ozdal and Solli, Daniel and Jalali, Bahram},
  journal={Applied Physics Letters},
  volume={91},
  number={16},
  pages={161105--161105},
  year={2007},
  publisher={New York [etc.] American Institute of Physics.}
}

@article{di2009inertial,
  title={Inertial microfluidics},
  author={Di Carlo, Dino},
  journal={Lab on a Chip},
  volume={9},
  number={21},
  pages={3038--3046},
  year={2009},
  publisher={Royal Society of Chemistry}
}

@article{grover2011measuring,
  title={Measuring single-cell density},
  author={Grover, William H and Bryan, Andrea K and Diez-Silva, Monica and Suresh, Subra and Higgins, John M and Manalis, Scott R},
  journal={Proceedings of the National Academy of Sciences},
  volume={108},
  number={27},
  pages={10992--10996},
  year={2011},
  publisher={National Acad Sciences}
}

@article{mrema1979concentration,
  title={Concentration and separation of erythrocytes infected with Plasmodium falciparum by gradient centrifugation},
  author={Mrema, JE and Campbell, GH and Miranda, R and Jaramillo, AL and Rieckmann, KH},
  journal={Bulletin of the World Health Organization},
  volume={57},
  number={1},
  pages={133},
  year={1979},
  publisher={World Health Organization}
}

@article{chun2012rapidly,
  title={Rapidly quantifying drug sensitivity of dispersed and clumped breast cancer cells by mass profiling},
  author={Chun, Jennifer and Zangle, Thomas A and Kolarova, Theodora and Finn, Richard S and Teitell, Michael A and Reed, Jason},
  journal={Analyst},
  volume={137},
  number={23},
  pages={5495--5498},
  year={2012},
  publisher={Royal Society of Chemistry}
}

@article{martin1990hl,
  title={HL-60 cells induced to differentiate towards neutrophils subsequently die via apoptosis},
  author={Martin, SJ and Bradley, JG and Cotter, TG},
  journal={Clinical \& Experimental Immunology},
  volume={79},
  number={3},
  pages={448--453},
  year={1990},
  publisher={Wiley Online Library}
}

@article{wyllie1982hormone,
  title={Hormone-induced cell death. Purification ad properties of thymocytes undergoing apoptosis after glucocorticoid treatment.},
  author={Wyllie, AH and Morris, RG},
  journal={The American journal of pathology},
  volume={109},
  number={1},
  pages={78},
  year={1982},
  publisher={American Society for Investigative Pathology}
}

@article{wolff1972separation,
  title={SEPARATION OF HELA CELLS BY COLLOIDAL SILICA DENSITY GRADIENT CENTRIFUGATION I. Separation and Partial Synchrony of Mitotic Cells},
  author={Wolff, David A and Pertoft, H{\AA}kan},
  journal={The Journal of cell biology},
  volume={55},
  number={3},
  pages={579--585},
  year={1972},
  publisher={Rockefeller Univ Press}
}

@article{maric1998buoyant,
  title={Buoyant density gradient fractionation and flow cytometric analysis of embryonic rat cortical neurons and progenitor cells},
  author={Maric, Dragan and Maric, Irina and Barker, Jeffery L},
  journal={Methods},
  volume={16},
  number={3},
  pages={247--259},
  year={1998},
  publisher={Elsevier}
}

@article{bista2011quantification,
  title={Quantification of nanoscale nuclear refractive index changes during the cell cycle},
  author={Bista, Rajan K and Uttam, Shikhar and Wang, Pin and Staton, Kevin and Choi, Serah and Bakkenist, Christopher J and Hartman, Douglas J and Brand, Randall E and Liu, Yang},
  journal={Journal of biomedical optics},
  volume={16},
  number={7},
  pages={070503--070503},
  year={2011},
  publisher={International Society for Optics and Photonics}
}

@article{bosslet1981rapid,
  title={A rapid method for the isolation of metastasizing tumour cells from internal organs with the help of isopycnic density-gradient centrifugation in Percoll.},
  author={Bosslet, K and Ruffmann, R and Altevogt, P and Schirrmacher, V},
  journal={British journal of cancer},
  volume={44},
  number={3},
  pages={356},
  year={1981},
  publisher={Nature Publishing Group}
}

@article{phillips2012quantification,
  title={Quantification of cellular volume and sub-cellular density fluctuations: comparison of normal peripheral blood cells and circulating tumor cells identified in a breast cancer patient},
  author={Phillips, Kevin G and Kolatkar, Anand and Rees, Kathleen J and Rigg, Rachel and Marrinucci, Dena and Luttgen, Madelyn and Bethel, Kelly and Kuhn, Peter and McCarty, Owen JT},
  journal={Frontiers in oncology},
  volume={2},
  year={2012},
  publisher={Frontiers Media SA}
}

@article{phillips2012optical,
  title={Optical quantification of cellular mass, volume, and density of circulating tumor cells identified in an ovarian cancer patient},
  author={Phillips, Kevin Gregory and Velasco, Carmen Ruiz and Li, Julia and Kolatkar, Anand and Luttgen, Madelyn and Bethel, Kelly and Duggan, Bridgette and Kuhn, Peter and McCarty, Owen},
  journal={Cancer Molecular Targets and Therapeutics},
  volume={2},
  pages={72},
  year={2012},
  publisher={Frontiers}
}

@article{gupta2012apostream,
  title={ApoStream™, a new dielectrophoretic device for antibody independent isolation and recovery of viable cancer cells from blood},
  author={Gupta, Vishal and Jafferji, Insiya and Garza, Miguel and Melnikova, Vladislava O and Hasegawa, David K and Pethig, Ronald and Davis, Darren W},
  journal={Biomicrofluidics},
  volume={6},
  number={2},
  pages={024133},
  year={2012},
  publisher={AIP Publishing}
}

@article{tycko1985flow,
  title={Flow-cytometric light scattering measurement of red blood cell volume and hemoglobin concentration},
  author={Tycko, DH and Metz, MH and Epstein, EA and Grinbaum, A},
  journal={Applied optics},
  volume={24},
  number={9},
  pages={1355--1365},
  year={1985},
  publisher={Optical Society of America}
}

@article{liang2007determining,
  title={Determining refractive index of single living cell using an integrated microchip},
  author={Liang, XJ and Liu, AQ and Lim, CS and Ayi, TC and Yap, PH},
  journal={Sensors and Actuators A: Physical},
  volume={133},
  number={2},
  pages={349--354},
  year={2007},
  publisher={Elsevier}
}

@article{rappaz2005measurement,
  title={Measurement of the integral refractive index and dynamic cell morphometry of living cells with digital holographic microscopy},
  author={Rappaz, Benjamin and Marquet, Pierre and Cuche, Etienne and Emery, Yves and Depeursinge, Christian and Magistretti, Pierre},
  journal={Optics express},
  volume={13},
  number={23},
  pages={9361--9373},
  year={2005},
  publisher={Optical Society of America}
}

@article{curl2005refractive,
  title={Refractive index measurement in viable cells using quantitative phase-amplitude microscopy and confocal microscopy},
  author={Curl, Claire L and Bellair, Catherine J and Harris, Trudi and Allman, Brendan E and Harris, Peter J and Stewart, Alastair G and Roberts, Ann and Nugent, Keith A and Delbridge, Lea},
  journal={Cytometry Part A},
  volume={65},
  number={1},
  pages={88--92},
  year={2005},
  publisher={Wiley Online Library}
}

@article{lue2009live,
  title={Live Cell Refractometry Using Hilbert Phase Microscopy and Confocal Reflectance Microscopy†},
  author={Lue, Niyom and Choi, Wonshik and Popescu, Gabriel and Yaqoob, Zahid and Badizadegan, Kamran and Dasari, Ramachandra R and Feld, Michael S},
  journal={The Journal of Physical Chemistry A},
  volume={113},
  number={47},
  pages={13327--13330},
  year={2009},
  publisher={ACS Publications}
}

@article{gorthi2012phase,
  title={Phase imaging flow cytometry using a focus-stack collecting microscope},
  author={Gorthi, Sai Siva and Schonbrun, Ethan},
  journal={Optics letters},
  volume={37},
  number={4},
  pages={707--709},
  year={2012},
  publisher={Optical Society of America}
}

@article{vona2000isolation,
  title={Isolation by size of epithelial tumor cells: a new method for the immunomorphological and molecular characterization of circulating tumor cells},
  author={Vona, Giovanna and Sabile, Abdelmajid and Louha, Malek and Sitruk, Veronique and Romana, Serge and Sch{\"u}tze, Karin and Capron, Fr{\'e}d{\'e}rique and Franco, Dominique and Pazzagli, Mario and Vekemans, Michel and others},
  journal={The American journal of pathology},
  volume={156},
  number={1},
  pages={57--63},
  year={2000},
  publisher={Elsevier}
}

@inproceedings{di2013hyperspectral,
  title={Hyperspectral Microscopy of Flowing Cells},
  author={Di Caprio, Giuseppe and Schaak, Diane and Schonbrun, Ethan F},
  booktitle={Imaging Systems and Applications},
  pages={IM4E--3},
  year={2013},
  organization={Optical Society of America}
}

@article{barer1954refractometry,
  title={Refractometry of living cells part I. Basic principles},
  author={Barer, R and Joseph, S},
  journal={Quarterly Journal of Microscopical Science},
  volume={3},
  number={32},
  pages={399--423},
  year={1954},
  publisher={The Company of Biologists Ltd}
}

@article{goda2012high,
  title={High-throughput single-microparticle imaging flow analyzer},
  author={Goda, Keisuke and Ayazi, Ali and Gossett, Daniel R and Sadasivam, Jagannath and Lonappan, Cejo K and Sollier, Elodie and Fard, Ali M and Hur, Soojung Claire and Adam, Jost and Murray, Coleman and others},
  journal={Proceedings of the National Academy of Sciences},
  volume={109},
  number={29},
  pages={11630--11635},
  year={2012},
  publisher={National Acad Sciences}
}

@article{fard2011nomarski,
  title={Nomarski serial time-encoded amplified microscopy for high-speed contrast-enhanced imaging of transparent media},
  author={Fard, Ali M and Mahjoubfar, Ata and Goda, Keisuke and Gossett, Daniel R and Di Carlo, Dino and Jalali, Bahram},
  journal={Biomedical optics express},
  volume={2},
  number={12},
  pages={3387--3392},
  year={2011},
  publisher={Optical Society of America}
}

@article{goda2013dispersive,
  title={Dispersive Fourier transformation for fast continuous single-shot measurements},
  author={Goda, K and Jalali, B},
  journal={Nature Photonics},
  volume={7},
  number={2},
  pages={102--112},
  year={2013},
  publisher={Nature Publishing Group}
}

@inproceedings{mahjoubfar20133d,
  title={3D ultrafast laser scanner},
  author={Mahjoubfar, A and Goda, K and Wang, C and Fard, A and Adam, J and Gossett, DR and Ayazi, A and Sollier, E and Malik, O and Chen, E and others},
  booktitle={SPIE LASE},
  pages={86110N--86110N},
  year={2013},
  organization={International Society for Optics and Photonics}
}

@inproceedings{boyraz2000broadband,
  title={Broadband, high-brightness 10-Gbit/s supercontinuum source for A/D conversion},
  author={Boyraz, O and Kim, J and Islam, MN and Coppinger, F and Jalali, B},
  booktitle={Lasers and Electro-Optics, 2000.(CLEO 2000). Conference on},
  pages={489--490},
  year={2000},
  organization={IEEE}
}

@article{ikeda2005hilbert,
  title={Hilbert phase microscopy for investigating fast dynamics in transparent systems},
  author={Ikeda, Takahiro and Popescu, Gabriel and Dasari, Ramachandra R and Feld, Michael S},
  journal={Optics letters},
  volume={30},
  number={10},
  pages={1165--1167},
  year={2005},
  publisher={Optical Society of America}
}

@article{revel1974adhesion,
  title={Adhesion of culture cells to their substratum},
  author={Revel, JP and Hoch, Pamela and Ho, D},
  journal={Experimental cell research},
  volume={84},
  number={1},
  pages={207--218},
  year={1974},
  publisher={Elsevier}
}

@article{whur1977substrate,
  title={Substrate retention of fractured retraction fibres during detachment of trypsinized BHK21 fibroblasts},
  author={Whur, P and Koppel, H and Urquhart, CM and Williams, DC},
  journal={Journal of cell science},
  volume={24},
  number={1},
  pages={265--273},
  year={1977},
  publisher={The Company of Biologists Ltd}
}

@article{carpenter2006cellprofiler,
  title={CellProfiler: image analysis software for identifying and quantifying cell phenotypes},
  author={Carpenter, Anne E and Jones, Thouis R and Lamprecht, Michael R and Clarke, Colin and Kang, In H and Friman, Ola and Guertin, David A and Chang, Joo H and Lindquist, Robert A and Moffat, Jason and others},
  journal={Genome biology},
  volume={7},
  number={10},
  pages={R100},
  year={2006},
  publisher={BioMed Central Ltd}
}

@article{ohki2005functional,
  title={Functional imaging with cellular resolution reveals precise micro-architecture in visual cortex},
  author={Ohki, Kenichi and Chung, Sooyoung and Ch'ng, Yeang H and Kara, Prakash and Reid, R Clay},
  journal={Nature},
  volume={433},
  number={7026},
  pages={597--603},
  year={2005},
  publisher={Nature Publishing Group}
}

@article{golshani2009internally,
  title={Internally mediated developmental desynchronization of neocortical network activity},
  author={Golshani, Peyman and Gon{\c{c}}alves, J Tiago and Khoshkhoo, Sattar and Mostany, Ricardo and Smirnakis, Stelios and Portera-Cailliau, Carlos},
  journal={The Journal of Neuroscience},
  volume={29},
  number={35},
  pages={10890--10899},
  year={2009},
  publisher={Soc Neuroscience}
}

@book{slade2000complete,
  title={The Complete Book of Laser Eye Surgery},
  author={Slade, Stephen and Brockman, Dorothy and Baker, Richard N},
  year={2000},
  publisher={Sourcebooks.}
}

@article{delius2002twenty,
  title={Twenty years of shock wave research at the institute for surgical research},
  author={Delius, Michael},
  journal={European surgical research},
  volume={34},
  number={1-2},
  pages={30--36},
  year={2002},
  publisher={Karger Publishers}
}

@book{riehle1987principles,
  title={Principles of extracorporeal shock wave lithotripsy},
  author={Riehle, Robert A and others},
  year={1987},
  publisher={Churchill Livingstone}
}

@article{squires2005microfluidics,
  title={Microfluidics: Fluid physics at the nanoliter scale},
  author={Squires, Todd M and Quake, Stephen R},
  journal={Reviews of modern physics},
  volume={77},
  number={3},
  pages={977},
  year={2005},
  publisher={APS}
}

@book{watson2004introduction,
  title={Introduction to flow cytometry},
  author={Watson, James V},
  year={2004},
  publisher={Cambridge University Press}
}

@article{hult2007high,
  title={High bandwidth absorption spectroscopy with a dispersed supercontinuum source},
  author={Hult, Johan and Watt, Rosalynne S and Kaminski, Clemens F},
  journal={Optics express},
  volume={15},
  number={18},
  pages={11385--11395},
  year={2007},
  publisher={Optical Society of America}
}

@book{epstein1998introduction,
  title={An introduction to nonlinear chemical dynamics: oscillations, waves, patterns, and chaos},
  author={Epstein, Irving Robert and Pojman, John Anthony},
  year={1998},
  publisher={Oxford University Press New York}
}

@article{petty2006spatiotemporal,
  title={Spatiotemporal chemical dynamics in living cells: from information trafficking to cell physiology},
  author={Petty, Howard R},
  journal={Biosystems},
  volume={83},
  number={2},
  pages={217--224},
  year={2006},
  publisher={Elsevier}
}

@book{siesler2008near,
  title={Near-infrared spectroscopy: principles, instruments, applications},
  author={Siesler, Heinz W and Ozaki, Yukihiro and Kawata, Satoshi and Heise, H Michael},
  year={2008},
  publisher={John Wiley \& Sons}
}

@article{diaspro2001confocal,
  title={Confocal and two-photon microscopy: foundations, applications and advances},
  author={Diaspro, Alberto},
  journal={Confocal and Two-Photon Microscopy: Foundations, Applications and Advances, by Alberto Diaspro (Editor), pp. 576. ISBN 0-471-40920-0. Wiley-VCH, November 2001.},
  volume={1},
  year={2001}
}

@article{han2003photonic,
  title={Photonic time-stretched analog-to-digital converter: Fundamental concepts and practical considerations},
  author={Han, Yan and Jalali, Bahram},
  journal={Journal of Lightwave Technology},
  volume={21},
  number={12},
  pages={3085},
  year={2003},
  publisher={IEEE}
}

@book{horowitz1989art,
  title={The art of electronics},
  author={Horowitz, Paul and Hill, Winfield and Hayes, Thomas C},
  volume={2},
  year={1989},
  publisher={Cambridge university press Cambridge}
}

@book{agrawal2007nonlinear,
  title={Nonlinear fiber optics},
  author={Agrawal, Govind P},
  year={2007},
  publisher={Academic press}
}

@article{islam2002raman,
  title={Raman amplifiers for telecommunications},
  author={Islam, Mohammed N},
  journal={Selected Topics in Quantum Electronics, IEEE Journal of},
  volume={8},
  number={3},
  pages={548--559},
  year={2002},
  publisher={IEEE}
}

@article{goda2009demonstration,
  title={Demonstration of Raman gain at 800 nm in single-mode fiber and its potential application to biological sensing and imaging},
  author={Goda, Keisuke and Mahjoubfar, Ata and Jalali, Bahram},
  journal={Applied Physics Letters},
  volume={95},
  number={25},
  pages={251101},
  year={2009},
  publisher={AIP Publishing}
}

@inproceedings{mahjoubfar2010raman,
  title={Raman amplification at 800 nm in single-mode fiber for biological sensing and imaging},
  author={Mahjoubfar, Ata and Goda, Keisuke and Jalali, Bahram},
  booktitle={Conference on Lasers and Electro-Optics},
  pages={CFA4},
  year={2010},
  organization={Optical Society of America}
}

@article{bird2002compact,
  title={Compact two-photon fluorescence microscope based on a single-mode fiber coupler},
  author={Bird, Damian and Gu, Min},
  journal={Optics letters},
  volume={27},
  number={12},
  pages={1031--1033},
  year={2002},
  publisher={Optical Society of America}
}

@article{kimura1991confocal,
  title={Confocal scanning optical microscope using single-mode fiber for signal detection},
  author={Kimura, Shigeharu and Wilson, Tony},
  journal={Applied optics},
  volume={30},
  number={16},
  pages={2143--2150},
  year={1991},
  publisher={Optical Society of America}
}

@article{mahjoubfar2013label,
  title={Label-free high-throughput cell screening in flow},
  author={Mahjoubfar, Ata and Chen, Claire and Niazi, Kayvan R and Rabizadeh, Shahrooz and Jalali, Bahram},
  journal={Biomedical optics express},
  volume={4},
  number={9},
  pages={1618--1625},
  year={2013},
  publisher={Optical Society of America}
}

@article{wolfbeis2004fiber,
  title={Fiber-optic chemical sensors and biosensors},
  author={Wolfbeis, Otto S},
  journal={Analytical Chemistry},
  volume={76},
  number={12},
  pages={3269--3284},
  year={2004},
  publisher={ACS Publications}
}

@article{song2006refractive,
  title={Refractive index measurement of single living cells using on-chip Fabry-Perot cavity},
  author={Song, WZ and Zhang, XM and Liu, AQ and Lim, CS and Yap, PH and Hosseini, Habib Mir M},
  journal={Applied physics letters},
  volume={89},
  number={20},
  pages={203901},
  year={2006},
  publisher={AIP Publishing}
}

@article{piliarik2003surface,
  title={Surface plasmon resonance sensor based on a single-mode polarization-maintaining optical fiber},
  author={Piliarik, Marek and Homola, Jir{\i} and Man{\i}kov{\'a}, Z and {\v{C}}tyrok{\`y}, J},
  journal={Sensors and Actuators B: Chemical},
  volume={90},
  number={1},
  pages={236--242},
  year={2003},
  publisher={Elsevier}
}

@book{agrawal1997fiber,
  title={Fiber-optic communication systems},
  author={Agrawal, Govind P},
  volume={1},
  year={1997}
}

@article{kim2002reflection,
  title={Reflection-induced penalty in Raman amplified systems},
  author={Kim, CH and Bromage, Jake and Jopson, RM},
  journal={Photonics Technology Letters, IEEE},
  volume={14},
  number={4},
  pages={573--575},
  year={2002},
  publisher={IEEE}
}

@book{islam2004raman,
  title={Raman amplifiers for telecommunications 2: sub-systems and systems},
  author={Islam, Mohammad N},
  volume={2},
  year={2004},
  publisher={Springer}
}

@article{lewis2000characterization,
  title={Characterization of double Rayleigh scatter noise in Raman amplifiers},
  author={Lewis, SAE and Chernikov, SV and Taylor, JR},
  journal={IEEE Photonics Technology Letters},
  volume={12},
  number={5},
  pages={528--530},
  year={2000}
}

@article{hansen1998rayleigh,
  title={Rayleigh scattering limitations in distributed Raman pre-amplifiers},
  author={Hansen, PB and Eskildsen, L and Stentz, AJ and Strasser, TA and Judkins, J and DeMarco, JJ and Pedrazzani, R and DiGiovanni, DJ},
  journal={Photonics Technology Letters, IEEE},
  volume={10},
  number={1},
  pages={159--161},
  year={1998},
  publisher={IEEE}
}

@article{nissov1999rayleigh,
  title={Rayleigh crosstalk in long cascades of distributed unsaturated Raman amplifiers},
  author={Nissov, M and Rottwitt, K and Kidorf, HD and Ma, MX},
  journal={Electronics Letters},
  volume={35},
  number={12},
  pages={997--998},
  year={1999},
  publisher={IET}
}

@book{headley2005raman,
  title={Raman amplification in fiber optical communication systems},
  author={Headley, Clifford and Agrawal, Govind},
  year={2005},
  publisher={Academic Press}
}

@article{fludger2001pump,
  title={Pump to signal RIN transfer in Raman fiber amplifiers},
  author={Fludger, CRS and Handerek, V and Mears, RJ},
  journal={Lightwave Technology, Journal of},
  volume={19},
  number={8},
  pages={1140--1148},
  year={2001},
  publisher={IEEE}
}

@book{agrawal2001applications,
  title={Applications of nonlinear fiber optics},
  author={Agrawal, Govind},
  year={2001},
  publisher={Academic press}
}

@article{kogelnik1964considerations,
  title={Considerations of noise and schemes for its reduction in laser amplifiers},
  author={Kogelnik, H and Yariv, A},
  journal={Proceedings of the IEEE},
  volume={52},
  number={2},
  pages={165--172},
  year={1964},
  publisher={IEEE}
}

@article{rottwitt2003scaling,
  title={Scaling of the Raman gain coefficient: Applications to germanosilicate fibers},
  author={Rottwitt, Karsten and Bromage, Jake and Stentz, Andrew J and Leng, Lufeng and Lines, Malcolm E and Smith, Henrik},
  journal={Journal of lightwave technology},
  volume={21},
  number={7},
  pages={1652},
  year={2003},
  publisher={IEEE}
}

@inproceedings{mahjoubfar2014label,
  title={Label-free high-throughput imaging flow cytometry},
  author={Mahjoubfar, A and Chen, C and Niazi, KR and Rabizadeh, S and Jalali, B},
  booktitle={SPIE LASE},
  pages={89720F--89720F},
  year={2014},
  organization={International Society for Optics and Photonics}
}

